% Encoding: UTF-8

@InProceedings{KabanovKasimov2014,
  author    = {Kabanov, D. I. and Kasimov, A. R.},
  title     = {Direct numerical analysis of linear stability of detonations},
  booktitle = {Work-in-progress poster at the Zel'dovich Memorial, Moscow, Russia},
  year      = {2014},
  month     = oct,
}

@InProceedings{KabanovKasimov2015,
  author    = {Kabanov, Dmitry I and Kasimov, Aslan R.},
  title     = {Linear stability analysis of detonation models by direct numerical computations},
  booktitle = {Work-in-progress poster at the 25\textsuperscript{th} International Colloquium on the Dynamics of Explosions and Reactive Systems},
  year      = {2015},
  month     = aug,
  keywords  = {detonation},
}

@InProceedings{KabanovKasimov2016,
  author    = {Kabanov, Dmitry I. and Kasimov, Aslan R.},
  title     = {Direct numerical computation of linear stability of gaseous detonations},
  booktitle = {Talk at the 69\textsuperscript{th} Annual Meeting of the APS Division of Fluid Dynamics},
  year      = {2016},
  month     = nov,
  keywords  = {detonation},
}

@InProceedings{KabanovKasimov2017,
  author    = {Kabanov, D. I. and Kasimov, A. R.},
  title     = {Numerical computation of linear instability of detonations},
  booktitle = {Talk at the 70\textsuperscript{th} Annual Meeting of the APS Division of Fluid Dynamics},
  year      = {2017},
  month     = nov,
  keywords  = {detonation},
}

@Comment{jabref-meta: databaseType:bibtex;}
