% Encoding: UTF-8

@InCollection{KasimovKabanov2016,
  author    = {Kasimov, A. R. and Kabanov, D. I.},
  title     = {Direct Numerical Computation of Detonation Linear Stability: {An} Example of the {Fickett's} Detonation Analog},
  booktitle = {Progress in Detonation Physics (Proceedings of the 10\textsuperscript{th} International Colloquium on Pulsed and Continuous Detonations)},
  publisher = {Torus Press},
  year      = {2016},
  pages     = {94--99},
  keywords  = {detonation},
}

@PhdThesis{Kabanov2018,
  author   = {Kabanov, Dmitry I.},
  title    = {Numerical Computation of Detonation Stability},
  school   = {King Abdullah University of Science and Technology},
  year     = {2018},
  keywords = {numerics, CFD, detonation, stability},
  url      = {http://hdl.handle.net/10754/628016},
}

@Article{KabanovKasimov2018,
  author   = {Dmitry I. Kabanov and Aslan R. Kasimov},
  title    = {Linear Stability Analysis of Detonations Via Numerical Computation and Dynamic Mode Decomposition},
  journal  = {Physics of Fluids},
  year     = {2018},
  volume   = {30},
  number   = {3},
  pages    = {036103},
  doi      = {10.1063/1.5020558},
  file     = {:papers/2018/KabanovKasimov2018 - Linear Stability Analysis of Detonations Via Numerical Computation and Dynamic Mode Decomposition.pdf:PDF},
  keywords = {detonation},
}

@Article{KabanovKasimov2019,
  author   = {Kabanov, Dmitry I. and Kasimov, Aslan R.},
  title    = {A minimal hyperbolic system for unstable shock waves},
  journal  = {Communications in Nonlinear Science and Numerical Simulation},
  year     = {2019},
  volume   = {70},
  pages    = {282--301},
  doi      = {10.1016/j.cnsns.2018.10.022},
  file     = {:papers/2019/KabanovKasimov2019 - A minimal hyperbolic system for unstable shock waves.pdf:PDF},
  keywords = {numerics, gasdynamics},
}

@Comment{jabref-meta: databaseType:bibtex;}
